@online{site:sqlite,
	title = {SQLite},
	url = {https://www.sqlite.org/index.html}
}

@online{site:react,
	title = {React},
	url = {https://reactjs.org/}
}

@online{site:nodejs,
	title = {Node.js},
	url = {https://nodejs.org/it/}
}
