
@online{site:kaggle-dataset,
	title = {Kaggle dataset source},
	url = {https://www.kaggle.com/hugomathien/soccer}
}

@online{site:ea-fifa,
	title = {EA Sports FIFA videogame},
	url = {https://www.ea.com/it-it/games/fifa}
}

@online{site:sqlite,
	title = {SQLite},
	url = {https://www.sqlite.org/index.html}
}


@online{site:r,
	title = {R programming language, free software environment for statistical computing and graphics},
	url = {https://www.r-project.org/}
}

@online{site:bnlearn,
	title = {bnlearn - an R package for Bayesian network learning and inference},
	url = {http://www.bnlearn.com/}
}

@phdthesis{thesis:bnlearn-marco,
	title = {Measures of Variability for Graphical Models},
	author = {Marco Scutari},
	school = {Universita degli Studi di Padova},
	year = {2011},
	url = {http://www.bnlearn.com/about/thesis/thesis.pdf}
}

@online{site:react,
	title = {React},
	url = {https://reactjs.org/}
}

@online{site:nodejs,
	title = {Node.js},
	url = {https://nodejs.org/it/}
}
